@Misc{C1,
  author       = {Wikipedia},
  title        = {Linear regression},
  howpublished = {Online},
  month        = {7},
  year         = {2016},
  url          = {https://en.wikipedia.org/wiki/Linear_regression},
}

@Misc{C2,
  author       = {Wikipedia},
  title        = {Logistic regression},
  howpublished = {Online},
  year         = {2017},
  url          = {https://en.wikipedia.org/wiki/Logistic_regression},
}

@Misc{C3,
  author       = {Lihui Zhao, Yuhuan Chen, Donald W. Schaffner},
  title        = {Comparison of Logistic Regression and Linear Regression in Modeling Percentage Data},
  howpublished = {Online},
  year         = {2001},
  url          = {https://www.ncbi.nlm.nih.gov/pmc/articles/PMC92846/},
}