@Misc{C1,
  author       = {James Grossman},
  title        = {"Big Data": An Opportunity for Historians?},
  howpublished = {Online},
  month        = {3},
  year         = {2012},
  url          = {https://www.historians.org/publications-and-directories/perspectives-on-history/march-2012/big-data-an-opportunity-for-historians},
}

@Misc{C2,
  author       = {BBC history},
  title        = {The Rise and Fall of Titanic},
  howpublished = {Online},
  month        = {11},
  year         = {2017},
  url          = {http://www.bbc.co.uk/history/titanic},
}

@Misc{C3,
  author       = {Kaggle},
  title        = {Titanic: Machine Learning from Disaster},
  howpublished = {Online},
  month        = {11},
  year         = {2015},
  url          = {https://www.kaggle.com/c/titanic},
}
