@Article{Abril07,
  author 	= "Patricia S. Abril and Robert Plant",
  title 	= "How does the Netflix movie recommendation algorithm work?",
  journal 	= "Communications of the ACM",
  volume 	= "50",
  number 	= "1",
  month 	= jan,
  year 		= "2007",
  pages 	= "36--44",
  doi 		= "",
  url		= "https://www.quora.com/How-does-the-Netflix-movie-recommendation-algorithm-work",
  note		= "",
}
